%! Author = nitin
%! Date = 03/11/23

@article{WB15,
    author = {Walfish, Michael and Blumberg, Andrew J.},
    title = {Verifying Computations without Reexecuting Them},
    year = {2015},
    journal = {Commun. ACM},
    pages = {74â€“84}
}

@article{ZkSync,
    author = {Matter Labs},
    title = {zkSync: scaling and privacy engine for Ethereum},
    url = {https://github.com/matter-labs/zksync}
}

